<record><leader>00000cas a2200000 a 4500</leader><controlfield tag="001">2264538</controlfield><controlfield tag="008">760620d191019uupaumr ne      0   b0slo  </controlfield><datafield ind1=" " ind2=" " tag="010"><subfield code="a">sn 87079977 </subfield><subfield code="z">   64038849 </subfield></datafield><datafield ind1=" " ind2=" " tag="040"><subfield code="a">DLC</subfield><subfield code="b">eng</subfield><subfield code="c">PIT</subfield><subfield code="d">HUL</subfield><subfield code="d">PIT</subfield><subfield code="d">NSD</subfield><subfield code="d">DLC</subfield><subfield code="d">NSD</subfield><subfield code="d">DLC</subfield><subfield code="d">NPH</subfield><subfield code="d">DLC</subfield><subfield code="d">YOX</subfield><subfield code="d">DLC</subfield><subfield code="d">YOX</subfield><subfield code="d">CRL</subfield><subfield code="d">NST</subfield><subfield code="d">DLC</subfield><subfield code="d">NVF</subfield><subfield code="d">DLC</subfield><subfield code="d">NSD</subfield><subfield code="d">CVF</subfield><subfield code="d">DLC</subfield><subfield code="d">OCLCQ</subfield><subfield code="d">KRTAS</subfield><subfield code="d">OCLCQ</subfield><subfield code="d">UKMGB</subfield><subfield code="d">OCLCF</subfield><subfield code="d">OCLCO</subfield><subfield code="d">CRL</subfield></datafield><datafield ind1=" " ind2=" " tag="012"><subfield code="j">0</subfield><subfield code="m">d</subfield></datafield><datafield ind1="7" ind2=" " tag="016"><subfield code="a">013914719</subfield><subfield code="2">Uk</subfield></datafield><datafield ind1=" " ind2=" " tag="019"><subfield code="a">13988664</subfield></datafield><datafield ind1="0" ind2=" " tag="022"><subfield code="a">0027-7940</subfield><subfield code="l">0027-7940</subfield><subfield code="2">1</subfield></datafield><datafield ind1="0" ind2=" " tag="041"><subfield code="a">slo</subfield><subfield code="a">eng</subfield></datafield><datafield ind1=" " ind2=" " tag="042"><subfield code="a">nsdp</subfield><subfield code="a">pcc</subfield></datafield><datafield ind1=" " ind2=" " tag="043"><subfield code="a">n-us-pa</subfield></datafield><datafield ind1="0" ind2="0" tag="050"><subfield code="a">Newspaper</subfield></datafield><datafield ind1=" " ind2="0" tag="222"><subfield code="a">Na&#769;rodne&#769; noviny</subfield></datafield><datafield ind1="0" ind2="0" tag="245"><subfield code="a">Na&#769;rodne&#769; noviny =</subfield><subfield code="b">National news.</subfield></datafield><datafield ind1="3" ind2="1" tag="246"><subfield code="a">National news</subfield></datafield><datafield ind1="1" ind2="3" tag="246"><subfield code="a">National Slovak Society national news</subfield></datafield><datafield ind1="1" ind2="3" tag="246"><subfield code="a">National Slovak Society</subfield></datafield><datafield ind1=" " ind2=" " tag="260"><subfield code="a">Pittsburgh, Pa. :</subfield><subfield code="b">Na&#769;rodny&#769; slovensky&#769; spolok v. Sp. s&#780;. americky&#769;ch,</subfield><subfield code="c">1910-2001.</subfield></datafield><datafield ind1="3" ind2=" " tag="260"><subfield code="3">-Jan. 2001</subfield><subfield code="a">Canonsburg, PA :</subfield><subfield code="b">National Slovak Society</subfield></datafield><datafield ind1=" " ind2=" " tag="300"><subfield code="a">v. :</subfield><subfield code="b">ill. ;</subfield><subfield code="c">28 cm.</subfield></datafield><datafield ind1=" " ind2=" " tag="310"><subfield code="a">Monthly,</subfield><subfield code="b">Jan. 1983-</subfield></datafield><datafield ind1=" " ind2=" " tag="321"><subfield code="a">Weekly,</subfield><subfield code="b">1910-1952</subfield></datafield><datafield ind1=" " ind2=" " tag="321"><subfield code="a">Biweekly,</subfield><subfield code="b">&lt;1953&gt;-Dec. 15, 1982</subfield></datafield><datafield ind1="0" ind2=" " tag="362"><subfield code="a">[Roc&#780;.] 1, c&#780;is. 1 (6. jan., 1910)-volume 93, number 3311 (January 2001).</subfield></datafield><datafield ind1=" " ind2=" " tag="500"><subfield code="a">Front page of January 2001 displays &quot;National Slovak Society&quot; only, with title &quot;Na&#769;rodne&#769; noviny&quot; appearing on subsequent pages.</subfield></datafield><datafield ind1=" " ind2=" " tag="530"><subfield code="a">Available on microfilm from the Center for Research Libraries, the State Historical Society of Wisconsin, and the Library of Congress, Photoduplication Service.</subfield></datafield><datafield ind1=" " ind2=" " tag="546"><subfield code="a">In Slovak, 1910-1919; Slovak with English section, 1920- ; English with Slovak section, &lt;1977&gt;-2001.</subfield></datafield><datafield ind1=" " ind2=" " tag="550"><subfield code="a">Official organ of: Na&#769;rodny&#769; slovensky&#769; spolok v Sp. s&#780;ta&#769;toch americky&#769;ch.</subfield></datafield><datafield ind1=" " ind2="0" tag="650"><subfield code="a">Slovaks</subfield><subfield code="z">United States</subfield><subfield code="v">Newspapers.</subfield></datafield><datafield ind1=" " ind2="0" tag="650"><subfield code="a">Slovak Americans</subfield><subfield code="z">Pennsylvania</subfield><subfield code="z">Pittsburgh</subfield><subfield code="v">Newspapers.</subfield></datafield><datafield ind1=" " ind2="0" tag="651"><subfield code="a">Pittsburgh (Pa.)</subfield><subfield code="v">Newspapers.</subfield></datafield><datafield ind1=" " ind2="0" tag="651"><subfield code="a">Allegheny County (Pa.)</subfield><subfield code="v">Newspapers.</subfield></datafield><datafield ind1=" " ind2="7" tag="650"><subfield code="a">Slovak Americans.</subfield><subfield code="2">fast</subfield><subfield code="0">(OCoLC)fst01120985</subfield></datafield><datafield ind1=" " ind2="7" tag="650"><subfield code="a">Slovaks.</subfield><subfield code="2">fast</subfield><subfield code="0">(OCoLC)fst01121065</subfield></datafield><datafield ind1=" " ind2="7" tag="651"><subfield code="a">Pennsylvania</subfield><subfield code="z">Allegheny County.</subfield><subfield code="2">fast</subfield><subfield code="0">(OCoLC)fst01209250</subfield></datafield><datafield ind1=" " ind2="7" tag="651"><subfield code="a">Pennsylvania</subfield><subfield code="z">Pittsburgh.</subfield><subfield code="2">fast</subfield><subfield code="0">(OCoLC)fst01205171</subfield></datafield><datafield ind1=" " ind2="7" tag="651"><subfield code="a">United States.</subfield><subfield code="2">fast</subfield><subfield code="0">(OCoLC)fst01204155</subfield></datafield><datafield ind1=" " ind2="7" tag="655"><subfield code="a">Newspapers.</subfield><subfield code="2">fast</subfield><subfield code="0">(OCoLC)fst01423814</subfield></datafield><datafield ind1="2" ind2=" " tag="710"><subfield code="a">National Slovak Society of the United States of America.</subfield></datafield><datafield ind1=" " ind2=" " tag="752"><subfield code="a">United States</subfield><subfield code="b">Pennsylvania</subfield><subfield code="c">Allegheny</subfield><subfield code="d">Pittsburgh.</subfield></datafield><datafield ind1="0" ind2="0" tag="785"><subfield code="a">National Slovak Society of the United States of America.</subfield><subfield code="t">National news</subfield><subfield code="x">1534-1925</subfield><subfield code="w">(DLC)  2001211588</subfield><subfield code="w">(OCoLC)46371527</subfield></datafield><datafield ind1=" " ind2=" " tag="936"><subfield code="a">Roc&#780;. 85, c&#780;is. 3230 (Mar. 1994) LIC</subfield></datafield><datafield ind1=" " ind2=" " tag="938"><subfield code="a">Kirtas Technologies, Inc.</subfield><subfield code="b">KRTS</subfield><subfield code="n">735646</subfield></datafield><datafield ind1="1" ind2=" " tag="029"><subfield code="a">AU@</subfield><subfield code="b">000020457214</subfield></datafield></record>